@article{sauloy03, 
    author = "Jacques Sauloy",
    title = "Galois theory of {F}uchsian $q$-difference equations",
    journal = "Ann. Sci. Ecole. Norm. Sup.",
    volume = 4,
    number = 36,
    year = 2003,
}

@article{koe18,
    author = "Erik Koelnik",
    title = "$q$-special functions, basic hypergeometric series and operators",
    year = 2018,
    journal = "Lecture notes for course at the OPSFA Summer school in Sousse, Tunisia"
} 

@article{RW22,
    author = "Yong Bin Ruan and Yao Xiong Wen",
    title = "Quantum {$K$}-theory and $q$-difference equations",
    journal = "Acta Mathematica Sinica, English Series volume",
    year = 2022,
    volume = 38,
    pages = "pg. 1677-1704",
    doi = "https://doi.org/10.1007/s10114-022-1616-2"
} 

@article{kir97,
    author = "Alexander Kirillov",
    title = "Lectures on affine {H}ecke algebras and {M}acdonald's conjectures",
    journal = "Bull. Amer. Math. Soc. (N.S.)",
    year = 1997,
    number = 3,
    pages = "pg. 251-292"
}

@article{che90,
    author = "Ivan Cherednik",
    title = "Affine extensions of {K}nizhnik-{Z}amolodchikov equations and {L}usztig's isomorphisms",
    journal = "ICM-90 Satell. Conf. Proc.",
    publisher = "Springer",
    year = "1990",
    pages = {pg. 63-77}
}

@article{hot98,
    author = "R. Hotta",
    title = "Equivariant {$D$}-modules",
    url = {\href{https://arxiv.org/abs/math/9805021}},
    year = 1998
} 

@article{ggor03,
    author = {V. Ginzburg and N. Guay and E. Opdam and R. Rouquier},
    title = {On the category $\mcal{O}$ for rational {C}herednik algebras},
    year = {2003},
    journal = {Invent. Math.},
    volume = {153},
    number = {3},
    pages = {pg. 617-651}
}

@article{beg00,
    author = {V. Baranovsky and S. Evens and V. Ginzburg},
    title = {Representations of quantum tori and double-affine {H}ecke algebras},
    year = {2000},
    url = {https://arxiv.org/abs/math/0005024}
}

@article{gkv95,
    author = {V. Ginzburg and Kapranov and Vasserot},
    title = {Residue construction of {H}ecke algebras},
    year = {1995},
    journal = {Adv. Math.},
    volume = {128},
    issue = {1},
    pages = {pg. 1-19}
}

@article{ion01,
    title = {Involutions of {D}ouble {A}ffine {H}ecke {A}lgebras},
    year = {2001},
    author = {Bogdan Ion}
}

@article{grv94,
    author = {V. Ginzburg and N. Reshetikhin and E. Vasserot},
    title = {Quantum groups and flag varieties},
    number = {175},
    pages = {pg. 101-130},
    journal = {Contemporary Mathematics},
    year = {1994}
}

@book{efk98,
    author = {P. Etingof and I. Frenkel and A. Kirillov},
    year = {1998},
    title = {Lectures on {R}epresentation {T}heory and {K}nizhnik-{Z}alomodchikov {E}quations},
    publisher = {Mathematical Surveys and Monographs},
    number = {58}
}

@article{fuj19,
    author = {R. Fujita},
    title = {Geometric realization of {D}ynkin quiver type quantum affine {S}chur-{W}eyl duality},
    year = {2019}
}

@article{os22,
    author = {A. Okounkov and A. Smirnov},
    title = {Quantum difference equation for {N}akajima varieties},
    year = {2022},
    journal = {Invent. Math.},
    volume = {229},
    pages = {pg. 1203-1299}
}

@article{ao16,
    author = {M. Aganagic and A. Okounkov},
    title = {Elliptic {S}table {E}nvelopes},
    year = {2016},
    journal = {Journal of the American Mathematical Society}
}

@book{am10,
    author = {M.H. Annaby and Z.S. Mansour},
    year = {2010},
    publisher = {Springer Verlag},
    title = {$q$-{F}ractional {C}alculus and {E}quations},
    volume = {Lecture {N}otes in {M}athematics},
    number = {2056}
}

@article{sau16,
    author = {J. Sauloy},
    year = {2016},
    title = {Analytic study of $q$-difference equations},
    journal = {Galois {T}heories of {L}inear {D}ifference {E}quations: {A}n {I}ntroduction},
    volume = {Math. Surveys Monogr.},
    number = {211},
    publisher = {Amer. Math. Soc.}
}

@article{ZZ21,
    author = {G. Zhao and C. Zhong},
    title = {Representations of the {E}lliptic {A}ffine {H}ecke {A}lgebras},
    year = 2015,
    journal = {Adv. {M}ath.}
}

@book{huy06,
    author = {D. Huybrechts},
    year = {2006},
    title = {Fourier-{M}ukai {T}ransforms in {A}lgebaric {G}eometry},
    publisher = {Oxford University Press}
}

@book{pol09,
    author = {A. Polishchuk},
    year = {2009},
    publisher = {Cambridge University Press},
    title = {Abelian {V}arieties, {T}heta {F}unctions and the {F}ourier {T}ransform}
}

@article{che95,
    author = {I. Cherednik},
    year = {1995},
    title = {Double affine {H}ecke algebras and {M}acdonald's conjectures},
    journal = {Ann. of Math.},
    volume = {141},
    number = {1},
    pages = {pg. 191-216},
}

@article{vv04,
    author = "M. Varagnolo and E. Vasserot",
    title = "From double affine {H}ecke algebras to quantized affine {S}chur
    algebras",
    journal = "Int. Math. Research Notices",
    volume = 2004,
    year = 2004, 
    number = 26,
    pages = "pg. 1299-1333"
}

@article{LZZ23,
    author = {C. Lenart and G. Zhao and C. Zhong},
    year = {2023},
    title = {Elliptic classes via the periodic {H}ecke module and its {L}anglands
             dual},
    url = {http://arxiv.org/abs/2309.09140},
    journal = {Pre-print}
}

@article{ZZ24,
    author = {G. Zhao and C. Zhong},
    title = {A {L}anglands {D}uality of {E}lliptic {H}ecke {A}lgebras},
    year = {2024},
    journal = {In preparation.}
}

@article{vas05,
    author = {E. Vasserot},
    title = {Induced and simple modules of double affine {H}ecke algebras},
    journal = {Duke Math. J.},
    year = {2005},
    volume = {125},
    number = {2},
    pages = {pg. 251-323}
}

@article{kl87,
    author = {K. Kazhdan and G. Lusztig},
    year = {1987},
    title = {Proof of the {D}eligne-{L}anglands {C}onjecture for {H}ecke algebras},
    journal = {Invent. Math.},
    volume = {87},
    number = {1},
    pages = {pg. 153 --- 215}
}

@book{cg09,
    author = {N. Chriss and V. Ginzburg},
    year = {2009},
    publisher = {Springer Science and Business Media},
    title = {Representation {T}heory and {C}omplex {G}eometry}
}

@article{im65,
    author = {N. Iwahori and H. Matsumoto},
    year = {1965},
    title = {On some {B}ruhat decomposition and the structure of the {H}ecke rings of $p$-adic {C}hevalley groups},
    journal = {Pub. Math. de l'I.H.\'E.S},
    volume = {25},
    pages = {pg. 5-48}
}

@article{lus83,
    author = {G. Lusztig},
    year = {1983},
    title = {Singularities, character formulas, and a $q$-analog of weight multiplicities},
    journal = {Analyse et topologie sur les espaces singuliers, II, III},
    volume = {101},
    pages = {pg. 208-229}
}

@article{cps88,
    author = {E. Cline and B. Parshall and L. Scott},
    year = {1988},
    title = {Finite dimensional algebras and highest weight categories},
    journal = {J. reine angew. Math.},
    volume = {391},
    pages = {pg. 85-99}
}

@article{jv19,
    author = {D. Jordan and M. Vazirani},
    year = {2019},
    title = {The {R}ectangular {R}epresentation of the {D}ouble {A}ffine {H}ecke {A}lgebra via {Elliptic} {S}chur-{W}eyl {D}uality},
    journal = {Int. Math. and Research Note.},
    volume = {2021},
    number = {8},
    pages = {pg. 5698-6019}
}

@article{che03,
    author = {I. Cherednik},
    title = {Double affine {H}ecke algebras and difference {F}ourier transforms},
    journal = {Invent. Math.},
    year = {2003},
    volume = {152},
    pages = {pg. 213-303}
}

@book{bum09,
    author = {D. Bump},
    title = {Automorphic {F}orms and {R}epresentations},
    publisher = {Cambridge Studies in Advanced Mathematics},
    number = {55},
    year = {2009}
}


@article{kl79,
    author = {D. Kazhlan and G. Lusztig},
    title = {Representations of  {C}oxeter groups and {H}ecke algebras},
    year = {1979},
    journal = {Invent. Math.},
    volume = {53},
    number = {2}
}

@article{jon87,
    author = {V. Jones},
    title = {Hecke algebra representations of braid groups and link polynomials},
    journal = {Ann. Math.},
    year = {1987},
    volume = {126},
    pages = {pg. 335-388}
}

@article{cas80,
    author = {W. Casselman},
    year = {1980},
    title = {The {U}nramified {P}rincipal {S}eries of $p$-adic {G}roups {I}: {T}he {S}pherical {F}unction},
    journal = {Comp. Math.},
    volume = {40},
    number = {3}
}

@article{bum10,
    author = {D. Bump},
    title = {Hecke {A}lgebras},
    year = {2010},
    url = {\href{http://sporadic.stanford.edu/bump/math263/hecke.pdf}}
}

@article{bor76,
    author = {A. Borel},
    title = {Admissible {R}epresentations of a {S}emi-{S}imple {G}roup over a {L}ocal {F}ield with {V}ectors {F}ixed under an {I}wahori subgroup},
    year = {1976},
    journal = {Invent. Math.},
    volume = {35},
    pages = {pg. 233-256}
}

@article{bk11,
    author = {A. Braverman and D. Kazhdan},
    year = {2011},
    title = {The spherical {H}ecke algebra for affine {K}ac-{M}oody groups {I}},
    journal = {Ann. Math.},
    volume = {174},
    pages = {pg. 1603-1642}
}

@article{hkp10,
    author = {T.J. Haines and R.E. Kottwitz and A. Prasad},
    title = {Iwahori-{H}ecke {A}lgebras},
    year = {2010},
    journal = {Journal of the Ramanujuan Mathematical Society},
    number = {25},
    pages = {pg. 113-145}
}

@article{cai22,
    author = {J. Cai},
    title = {Iwahori-{H}ecke {A}lgebras and $p$-adic {G}roups},
    year = {2022},
    journal = {Honour's Thesis, University of Queensland}
}

@article{sie80,
    author = {C.L. Siegel},
    year = {1980},
    title = {{A}dvanced {A}nalytic {N}umber {T}heory},
    journal = {Tata Inst. Fundam. Res. Stud. Math.},
    number = {9}
}


@book{gr09,
    author = {G. Gasper and M. Rahman},
    year = {2009},
    title = {Basic {H}ypergeometric Series},
    publisher = {Cambridge University Press},
}

@book{gh24,
    author = {J.R. Getz and H. Hahn},
    title = {An {I}ntroduction to {A}utomorphic {R}epresentations: with a view toward trace formulae},
    year = {2024},
    publisher = {Springer Verlag},
    volume = {Graduate Texts in Mathematics, volume 300}
}

@article{rw21,
    author = {A. Romanov and G. Williamson},
    title = {Langlands correspondence and {B}ezrukavnikov's correspondence},
    url = {https://arxiv.org/abs/2103.02329},
    year = {2021}
}

@book{bh06,
    author = {C. Bushnell and G. Henniart},
    year = {2006}, 
    title = {The {L}ocal {L}anglands {C}onjecture for $\on{GL}(2)$},
    publisher = {Springer Verlag},
    volume = {Grundlehren der mathematischen Wissenschaften, volume 335}
}

@article{fr92,
    author = {I.B. Frenkel and N.Y. Reshetikhin},
    title = {Quantum {A}ffine {A}lgebras and {H}olonomic {D}ifference {E}quations},
    journal = {Commun. Math. Phys.},
    year = {1992},
    number = {146},
    pages = {pg. 1-60},
    publisher = {Springer Verlag}
}

@article{che92,
    author = {I. Cherednik},
    title = {Quantum {K}nizhnik-{Z}amolodchikov {E}quations and {A}ffine {R}oot {S}ystems},
    year = {1992},
    journal = {Commun. Math. Phys},
    publisher = {Springer Verlag},
    number = {150},
    pages = {pg. 109-136}
}

@article{sto10,
    author = {J.V. Stokman},
    title = {Quantum {A}ffine {K}nizhnik-{Z}amolodchikov {E}quations and {Q}uantum {S}pherical {F}unctions, {I}},
    year = {2010}, 
    journal = {Int. Math. Res.},
    number = {5}
}

@article{kz84,
    author = {V.G. Knizhnik and A.B. Zamolodchikov},
    title = {Current algebra and {W}ess-{Z}umino model in two dimensions},
    journal = {Nucl. Phys. B},
    number = {247},
    year = {1984},
    pages = {pg. 83-103}
}

@book{hara20,
    author = {Y. Haraoka},
    title = {Linear {D}ifferential {E}quations in the {C}omplex {D}omain},
    publisher = {Springer Verlag},
    volume = {2271},
    series = {Lecture Notes in Mathematics},
    year = {2020}
}

@article{eti17,
    author = {P. Etingof},
    title = {Introduction to {A}lgebraic {$D$}-modules},
    year = {2017},
    url = {\url{https://math.mit.edu/~etingof/dmodwien.pdf}}
}

@article{em97,
    author = {S. Evens and I. Mirkovic},
    year = {1997},
    title = {Fourier {T}ransform and the {I}wahori-{M}atsumoto {I}nvolution},
    journal = {Duke Mathematical Journal},
    volume = {86},
    number = {3}, 
    pages = {pg. 435-464}
}